@article{augerextra,
title="Searches for Large-Scale Anisotropy in the Arrival Directions of Cosmic Rays Detected above Energy of $10^{19}$ eV at the Pierre Auger Observatory and the Telescope Array",
author="A Aab and others",
journal="Astrophys. J",
volume="794",
number="2",
pages="172",
year="2014"
}

@book{mauro:oxigen,
title="Particles and Astrophysics, A multi-messenger approach",
author="Maurizio Spurio",
year="2015",
publisher="Switzerland, Springer"	
}

@book{PDG,
title="Review of Particle Physics",
author="C Patrignani and others",
collaboration="Particle Data Group",
volume="C40",
year="2016",
publisher="Chin. Phys"
}

@phdthesis{asorey,
title="Los Detectores Cherenkov del Observatorio Pierre Auger y su Aplicación al Estudio de Fondos de Radiación",
author="H Asorey", 
year="2012",
school="Instituto Balseiro, Universidad Nacional de Cuyo, Comisión Nacional de Enrgía Atómica",
}

@book{Griffiths,
title="Introduction to elementary particles; 2nd rev. version",
author="David J Griffiths",
year="2008",
publisher="Wiley"
}

@book{gaisser1990,
title="Cosmic Rays and Particle Physics",
author="T K Gaisser",
year="1990",
publisher="Cambridge University Press"
}

@techreport{Heck1998,
title="CORSIKA : A Monte Carlo Code to Simulate Extensive Air Showers",
author="D Heck and J Knapp and J N Capdevielle and G Schatz and T Thouw",
institution="Forschungszentrum Karlsruhe GmbH",
number ="FZKA 6019",
pages = "1--98",
year = "1998"
}

@book{heitler,
title="Quantum theory of radiation",
author="W Heitler",
year="1954",
edition="3rd ed",
publisher="International Series of Monographs on Physics, Oxford"
}

@inproceedings{AsoreyLAGO,
title="LAGO: the Latin American Giant Observatory",
author="H Asorey and  S Dasso and {LAGO Collaboration}",
booktitle="The 34th International Cosmic Ray Conference",
volume="PoS(ICRC2015)",
pages="247",
year="2015"
}

@misc{compton,
title="Efecto compton y efecto compton inverso",
publisher="Harvard-Smithsonian Center for Astrophysics",
howpublished="\url{http://chandra.harvard.edu/xray_astro/xrays.html}",
note="Accedido: 2018-07-16"
}

@misc{kit,
title="Simulation of the Institut für Kernphysik, Forschungszentrum Karlsruhe",
author="J Oehlschläger and R Engel",
howpublished="\url{https://web.ikp.kit.edu/corsika/movies/Movies.htm}",
note="Accedido: 2018-07-16"
} 

@inproceedings{lagoSW,
title="Preliminary Results From the Latin American Giant Observatory Space Weather Simulation Chain",
author="H Asorey and L A Núñez and M Suárez-Durán",
journal="Space Weather",
volumen="16",
number="5",
pages="461-475"
}

@mastersthesis{mauro:tesis,
title="Instalación de un detector Chérenkov de agua para la detección de trazas de rayos cósmicos a 956 metros sobre el nivel del mar",
author="M Suarez-Duran",
year="2011",
school="Escuela de F\'isica, Universidad Industrial de Santander, Colombia"	
}

@book{handbook:chem,
title="CRC Handbook of chemistry and Physics",
author="R C Weast and S M Selby and C D Hodgman",
year="1986",
publisher="The Chemical Rubber Co"
}

@mastersthesis{andrei,
title="Estimación de la respuesta de un detector Chérenkov de agua al fondo de rayos cósmicos en Bucaramanga (956 M S.N.M).",
author="A Jaimes-Motta",
year="2018",
type ="Undergraduate Thesis",
school="Universidad Industrial de Santander, Escuela de Física"
}

@inproceedings{GDASpaper,
title="Global Atmospheric Models for Cosmic Ray Detectors",
author="Martin Will {for the Pierre Auger Collaboration}",
booktitle="Atmohead Workshop",
year="2013",
}

@article{GDAS,
title="The Global Land Data Assimilation System",
author="M Rodell and P R Houser and U Jambor and J Gottschalck and K Mitchell and C J Meng and K Arsenault and B Cosgrove and J Radakovich and M Bosilovich and J K Entin and J P Walker and D Lohmann and D Toll",
journal="Bulletin of the American Meteorological Society",
volume="85",
number="3",
pages="381-394",
year="2004"
}


@article{lagoSWchain,
title = "Preliminary results from the latin american giant observatory space weather simulation chain. Space Weather",
author="H Asorey and L A Núñez and M Suárez-Durán",
journal="Space Weather",
volume="16",
number="5",
pages="461-475",
year="2018"
}

@article{GEANT4,
author="S Agostinelli,  et al",
title="GEANT4: A Simulation toolkit",
journal="Nucl. Instrum. Meth.",
volume="A506",
pages="250 - 303",
year="2003"
}
