@article{augerextra,
title={Searches for Large-Scale Anisotropy in the Arrival Directions of Cosmic Rays Detected above Energy of $10^{19}$ eV at the Pierre Auger Observatory and the Telescope Array},
author={Aab, A. and others},
journal={Astrophys. J.},
volume={794},
number={2},
pages={172},
year={2014}
}

@book{mauro:oxigen,
title={Particles and Astrophysics, A multi-messenger approach},
author={Spurio, M.},
year={2015},
publisher={Switzerland, Springer}	
}

@book{PDG,
title={Review of Particle Physics},
author={Patrignani, C., et al.},
collaboration={Particle Data Group},
volume={C40},
year={2016},
published={Chin. Phys.}
}

@phdthesis{asorey,
title={Los Detectores Cherenkov del Observatorio Pierre Auger y su Aplicación al Estudio de Fondos de Radiación},
author={Asorey, H.}, 
year={2012},
school={Instituto Balseiro, Universidad Nacional de Cuyo, Comisión Nacional de Enrgía Atómica},
}

@book{Griffiths,
title={Introduction to elementary particles; 2nd rev. version},
author={Griffiths, D.J.},
year={2008},
publisher={Wiley}
}

@book{gaisser1990,
title={Cosmic Rays and Particle Physics},
author={Gaisser, T.K.},
year={1990},
publisher={Cambridge University Press}
}

@techreport{Heck1998,
title={CORSIKA : A Monte Carlo Code to Simulate Extensive Air Showers},
author={Heck, D. and Knapp, J. and Capdevielle, J.N. and Schatz, G. and Thouw, T.},
institution={Forschungszentrum Karlsruhe GmbH},
number ={FZKA 6019},
pages = {1--98},
year = {1998}
}

@book{heitler,
title={Quantum theory of radiation},
author={Heitler, W.},
year={1954},
edition={3rd ed.},
publisher={International Series of Monographs on Physics, Oxford}
}

@inproceedings{AsoreyLAGO,
title="LAGO: the Latin American Giant Observatory",
author="H Asorey and  S Dasso and {LAGO Collaboration}",
booktitle="The 34th International Cosmic Ray Conference",
volume="PoS(ICRC2015)",
pages="247",
year="2015"
}

@misc{compton,
title={Efecto compton y efecto compton inverso},
publisher={Harvard-Smithsonian Center for Astrophysics},
howpublished={\url{http://chandra.harvard.edu/xray_astro/xrays.html}},
note={Accedido: 2018-07-16}
}

@misc{kit,
title={Simulación del Institut für Kernphysik, Forschungszentrum Karlsruhe},
author={Oehlschläger, J. and Engel, R.},
howpublished={\url{https://web.ikp.kit.edu/corsika/movies/Movies.htm}},
note={Accedido: 2018-07-16}
} 

@inproceedings{lagoSW,
title={Preliminary Results From the Latin American Giant Observatory Space Weather Simulation Chain},
author={H. Asorey, L. Núñez \& M. Suárez-Durán},
journal={Space Weather},
volumen={16},
number={5},
pages={461-475}
}

@mastersthesis{mauro:tesis,
title={Instalación de un detector Chérenkov de agua para la detección de trazas de rayos cósmicos a 956 metros sobre el nivel del mar},
author={Suarez-Duran, M.},
year={2011},
school={Escuela de F\'isica, Universidad Industrial de Santander, Colombia}	
}

@book{handbook:chem,
title={CRC Handbook of chemistry and Physics},
author={ Weast, R.C. Selby, S. M. and  Hodgman, C. D.},
year={1986},
publisher={The Chemical Rubber Co}
}

@mastersthesis{andrei,
title={Estimación de la respuesta de un detector Chérenkov de agua al fondo de rayos cósmicos en Bucaramanga (956 M S.N.M).},
author={Jaimes-Motta, A.},
year={2018},
school={Universidad Industrial de Santander, Escuela de Física}
}

@inproceedings{GDASpaper,
title={Global Atmospheric Models for Cosmic Ray Detectors},
author={Martin Will for the Pierre Auger Collaboration},
booktitle={Atmohead Workshop},
year={2013},
}

@article{GDAS,
title={The Global Land Data Assimilation System},
author={Rodell, M. and Houser P. R. and Jambor U. and Gottschalck J. and Mitchell K. and Meng C.-J. and Arsenault K. and Cosgrove B. and Radakovich J. and Bosilovich M. and Entin J. K. and Walker J. P. and Lohmann D. and Toll D.},
journal={Bulletin of the American Meteorological Society},
volume={85},
number={3},
pages={381-394},
year={2004}
}


@article{lagoSWchain,
title = {Preliminary results from the latin american giant observatory space weather simulation chain. Space Weather},
author={Asorey, H., Núñez, L.A. y Suárez-Durán, M.},
journal={Space Weather},
volume={16},
number={5},
pages={461-475},
year={2018}
}

@article{GEANT4,
author={Agostinelli, S. et al.},
title={GEANT4: A Simulation toolkit},
journal={Nucl. Instrum. Meth.},
volume={A506},
pages={250 - 303},
year={2003}
}

